@article{nakamura1999coherent,
  title     = {Coherent control of macroscopic quantum states in a single-Cooper-pair box},
  author    = {Nakamura, Yasunobu and Pashkin, Yu A and Tsai, JS},
  journal   = {nature},
  volume    = {398},
  number    = {6730},
  pages     = {786},
  year      = {1999},
  doi       = {10.1038/19718},
  publisher = {Nature Publishing Group}
}
@article{PhysRevA.76.042319,
  title     = {Charge-insensitive qubit design derived from the Cooper pair box},
  author    = {Koch, Jens and Yu, Terri M. and Gambetta, Jay and Houck, A. A. and Schuster, D. I. and Majer, J. and Blais, Alexandre and Devoret, M. H. and Girvin, S. M. and Schoelkopf, R. J.},
  journal   = {Phys. Rev. A},
  volume    = {76},
  issue     = {4},
  pages     = {042319},
  numpages  = {19},
  year      = {2007},
  month     = {Oct},
  publisher = {American Physical Society},
  doi       = {10.1103/PhysRevA.76.042319},
  url       = {https://link.aps.org/doi/10.1103/PhysRevA.76.042319}
}